
@inproceedings{schroff2015,
  title = {Facenet: {{A}} Unified Embedding for Face Recognition and Clustering},
  booktitle = {Proceedings of the {{IEEE}} Conference on Computer Vision and Pattern Recognition},
  date = {2015},
  pages = {815--823},
  author = {Schroff, Florian and Kalenichenko, Dmitry and Philbin, James}
}

@article{emami2018,
  title = {Machine {{Learning Methods}} for {{Solving Assignment Problems}} in {{Multi}}-{{Target Tracking}}},
  journaltitle = {arXiv preprint arXiv:1802.06897},
  date = {2018},
  author = {Emami, Patrick and Pardalos, Panos M and Elefteriadou, Lily and Ranka, Sanjay},
  file = {/home/tobi/Zotero/storage/975TXHPQ/Emami et al. - 2018 - Machine Learning Methods for Solving Assignment Pr.pdf}
}

@inproceedings{milan2017,
  title = {Online {{Multi}}-{{Target Tracking Using Recurrent Neural Networks}}.},
  booktitle = {{{AAAI}}},
  date = {2017},
  pages = {4225--4232},
  author = {Milan, Anton and Rezatofighi, Seyed Hamid and Dick, Anthony R and Reid, Ian D and Schindler, Konrad},
  file = {/home/tobi/Documents/Masterarbeit/Milan et al. - 2017 - Online Multi-Target Tracking Using Recurrent Neura.pdf}
}

@inproceedings{pfaff2015,
  title = {{{TrackSort}}: {{Predictive}} Tracking for Sorting Uncooperative Bulk Materials},
  doi = {10.1109/MFI.2015.7295737},
  booktitle = {2015 {{IEEE International Conference}} on {{Multisensor Fusion}} and {{Integration}} for {{Intelligent Systems}} ({{MFI}})},
  date = {2015-09},
  pages = {7-12},
  keywords = {area camera,Atmospheric measurements,belts,Belts,cameras,Cameras,line camera,materials handling equipment,multitarget tracking,object tracking,optical belt sorters,Particle measurements,particle movement,Predictive models,separation mechanism,sorting,Sorting,Tracking,uncooperative bulk material sorting},
  author = {Pfaff, F. and Baum, M. and Noack, B. and Hanebeck, U. D. and Gruna, R. and L채ngle, T. and Beyerer, J.},
  file = {/home/tobi/Documents/Masterarbeit/Pfaff et al. - 2015 - TrackSort Predictive tracking for sorting uncoope.pdf}
}

@article{pfaff2016,
  title = {Improving Optical Sorting of Bulk Materials Using Sophisticated Motion Models},
  volume = {83},
  number = {2},
  journaltitle = {tm-Technisches Messen},
  date = {2016},
  pages = {77--84},
  author = {Pfaff, Florian and Pieper, Christoph and Maier, Georg and Noack, Benjamin and Kruggel-Emden, Harald and Gruna, Robin and Hanebeck, Uwe D and Wirtz, Siegmar and Scherer, Viktor and L채ngle, Thomas and {others}},
  file = {/home/tobi/Documents/Masterarbeit/Pfaff et al. - 2016 - Improving optical sorting of bulk materials using .pdf}
}

@article{coskun2017,
  title = {Long {{Short}}-{{Term Memory Kalman Filters}}: {{Recurrent Neural Estimators}} for {{Pose Regularization}}},
  volume = {abs/1708.01885},
  url = {http://arxiv.org/abs/1708.01885},
  journaltitle = {CoRR},
  date = {2017},
  author = {Coskun, Huseyin and Achilles, Felix and DiPietro, Robert S. and Navab, Nassir and Tombari, Federico},
  file = {/home/tobi/Documents/Masterarbeit/Coskun et al. - 2017 - Long Short-Term Memory Kalman Filters Recurrent N.pdf}
}

@article{langford2009,
  title = {Learning {{Nonlinear Dynamic Models}}},
  volume = {abs/0905.3369},
  url = {http://arxiv.org/abs/0905.3369},
  journaltitle = {CoRR},
  date = {2009},
  author = {Langford, John and Salakhutdinov, Ruslan and Zhang, Tong},
  file = {/home/tobi/Documents/Masterarbeit/Langford et al. - 2009 - Learning Nonlinear Dynamic Models.pdf}
}

@article{li2003,
  title = {Survey of Maneuvering Target Tracking. {{Part I}}. {{Dynamic}} Models},
  volume = {39},
  number = {4},
  journaltitle = {IEEE Transactions on aerospace and electronic systems},
  date = {2003},
  pages = {1333--1364},
  author = {Li, X Rong and Jilkov, Vesselin P},
  file = {/home/tobi/Documents/Masterarbeit/Li and Jilkov - 2003 - Survey of maneuvering target tracking. Part I. Dyn.pdf}
}

@inproceedings{abbeel2005,
  title = {Discriminative Training of {{Kalman}} Filters},
  booktitle = {In {{Proceedings}} of {{Robotics}}: {{Science}} and {{Systems}}},
  date = {2005},
  author = {Abbeel, Pieter and Coates, Adam and Montemerlo, Michael and Ng, Andrew Y. and Thrun, Sebastian},
  file = {/home/tobi/Documents/Masterarbeit/Abbeel et al. - 2005 - Discriminative training of Kalman filters.pdf}
}

@article{krishnan2015,
  archivePrefix = {arXiv},
  eprinttype = {arxiv},
  eprint = {1511.05121},
  primaryClass = {cs, stat},
  title = {Deep {{Kalman Filters}}},
  url = {http://arxiv.org/abs/1511.05121},
  abstract = {Kalman Filters are one of the most influential models of time-varying phenomena. They admit an intuitive probabilistic interpretation, have a simple functional form, and enjoy widespread adoption in a variety of disciplines. Motivated by recent variational methods for learning deep generative models, we introduce a unified algorithm to efficiently learn a broad spectrum of Kalman filters. Of particular interest is the use of temporal generative models for counterfactual inference. We investigate the efficacy of such models for counterfactual inference, and to that end we introduce the "Healing MNIST" dataset where long-term structure, noise and actions are applied to sequences of digits. We show the efficacy of our method for modeling this dataset. We further show how our model can be used for counterfactual inference for patients, based on electronic health record data of 8,000 patients over 4.5 years.},
  urldate = {2018-05-14},
  date = {2015-11-16},
  keywords = {Computer Science - Learning,Statistics - Machine Learning},
  author = {Krishnan, Rahul G. and Shalit, Uri and Sontag, David},
  file = {/home/tobi/Zotero/storage/RQDLZVMQ/Krishnan et al. - 2015 - Deep Kalman Filters.pdf;/home/tobi/Zotero/storage/XXZFLSHR/1511.html}
}

@inproceedings{wilson2009,
  title = {A Neural Implementation of the {{Kalman}} Filter},
  booktitle = {Advances in Neural Information Processing Systems},
  date = {2009},
  pages = {2062--2070},
  author = {Wilson, Robert and Finkel, Leif},
  file = {/home/tobi/Documents/Masterarbeit/Wilson and Finkel - 2009 - A neural implementation of the Kalman filter.pdf}
}

@article{wang2017,
  title = {Trajectory {{Predictor}} by {{Using Recurrent Neural Networks}} in {{Visual Tracking}}},
  volume = {47},
  issn = {2168-2267},
  doi = {10.1109/TCYB.2017.2705345},
  number = {10},
  journaltitle = {IEEE Transactions on Cybernetics},
  date = {2017-10},
  pages = {3172-3183},
  keywords = {Predictive models,Convolutional neural networks (CNNs),deep learning,feature extraction,Feature extraction,learning (artificial intelligence),long short-term memory model,particle filter,particle filtering (numerical methods),real-world vehicle dataset,recurrent neural nets,recurrent neural networks,recurrent neural networks (RNNs),sequence prediction,sliding windows-based motion models,target tracking,Target tracking,Trajectory,trajectory prediction,trajectory predictor,Videos,visual feature extraction,visual tracking,Visualization},
  author = {Wang, L. and Zhang, L. and Yi, Z.},
  file = {/home/tobi/Documents/Masterarbeit/Wang et al. - 2017 - Trajectory Predictor by Using Recurrent Neural Net.pdf}
}

@inproceedings{thormann2017,
  location = {{Xi'an, P.R. China}},
  title = {Learning an {{Object Tracker}} with a {{Random Forest}} and {{Simulated Measurements}}},
  booktitle = {Proceedings of the 20th {{International Conference}} on {{Information Fusion}} ({{FUSION}} 2017)},
  date = {2017-07},
  author = {Thormann, Kolja and Sigges, Fabian and Baum, Marcus},
  file = {/home/tobi/Documents/Masterarbeit/Thormann et al. - 2017 - Learning an Object Tracker with a Random Forest an.pdf}
}

@incollection{NIPS2012_4824,
  title = {{{ImageNet Classification}} with {{Deep Convolutional Neural Networks}}},
  url = {http://papers.nips.cc/paper/4824-imagenet-classification-with-deep-convolutional-neural-networks.pdf},
  booktitle = {Advances in {{Neural Information Processing Systems}} 25},
  publisher = {{Curran Associates, Inc.}},
  date = {2012},
  pages = {1097-1105},
  author = {Krizhevsky, Alex and Sutskever, Ilya and Hinton, Geoffrey E},
  editor = {Pereira, F. and Burges, C. J. C. and Bottou, L. and Weinberger, K. Q.},
  file = {/home/tobi/Documents/Masterarbeit/Krizhevsky et al. - 2012 - ImageNet Classification with Deep Convolutional Ne.pdf}
}

@article{rosenblatt1958perceptron,
  title = {The Perceptron: A Probabilistic Model for Information Storage and Organization in the Brain.},
  volume = {65},
  number = {6},
  journaltitle = {Psychological review},
  date = {1958},
  pages = {386},
  author = {Rosenblatt, Frank},
  file = {/home/tobi/Documents/Masterarbeit/Rosenblatt - 1958 - The perceptron a probabilistic model for informat.pdf},
  publisher = {{American Psychological Association}}
}

@article{pfaff2016improving,
  title = {Improving Optical Sorting of Bulk Materials Using Sophisticated Motion Models},
  volume = {83},
  number = {2},
  journaltitle = {tm-Technisches Messen},
  date = {2016},
  pages = {77-84},
  author = {Pfaff, Florian and Pieper, Christoph and Maier, Georg and Noack, Benjamin and Kruggel-Emden, Harald and Gruna, Robin and Hanebeck, Uwe D and Wirtz, Siegmar and Scherer, Viktor and L채ngle, Thomas and {others}},
  publisher = {{De Gruyter Oldenbourg}}
}

@artwork{fraunhoferiosb,
  title = {{{TableSort Sch체ttgutsortierer}}},
  author = {{Fraunhofer IOSB}},
  file = {/home/tobi/Projects/KIT/MasterarbeitTobias/doc/img/trackSortPic.jpg}
}

@book{alliedvisiontechnologiesgmbh2014,
  title = {User {{Manual}} for {{Bonito CL}}-400 200 Fps {{High Speed}} Camera},
  date = {2014-11},
  author = {{Allied Vision Technologies GmbH}},
  file = {/home/tobi/Documents/Masterarbeit/Allied Vision Technologies GmbH - 2014 - User Manual for Bonito CL-400 200 fps High Speed c.pdf},
  organization = {{e2v}},
  note = {Rev. I}
}

@thesis{doll2015,
  title = {Konzeption, {{Planung}}, {{Konstruktion}} Und {{Integration}} Eines Miniaturisierten, Modularen {{Sch체ttgutsortierers}}},
  institution = {{KIT}},
  date = {2015-08},
  keywords = {tracksort},
  author = {Doll, Frederick},
  file = {/home/tobi/Documents/Masterarbeit/Doll - 2015 - Konzeption, Planung, Konstruktion und Integration .pdf}
}


